@article{zhu2019least,
  title={Least Squares Approximation for a Distributed System},
  author={Zhu, Xuening and Li, Feng and Wang, Hansheng},
  journal={arXiv preprint arXiv:1908.04904},
  year={2019}
}
@article{spark2018apache,
  title={Apache spark},
  author={Spark, Apache},
  journal={Retrieved January},
  volume={17},
  pages={2018},
  year={2018}
}
@article{hadoop2011apache,
  title={Apache hadoop},
  author={Hadoop, Apache},
  journal={URL http://hadoop. apache. org},
  year={2011}
}
@inproceedings{zhang2012communication,
  title={Communication-efficient algorithms for statistical optimization},
  author={Zhang, Yuchen and Duchi, John C and Wainwright, Martin J},
  booktitle={2012 IEEE 51st IEEE Conference on Decision and Control (CDC)},
  pages={6792--6792},
  year={2012},
  organization={IEEE}
}
@article{liu2014distributed,
  title={Distributed estimation, information loss and exponential families},
  author={Liu, Qiang and Ihler, Alexander},
  journal={arXiv preprint arXiv:1410.2653},
  year={2014}
}
@article{fan2019distributed,
  title={Distributed estimation of principal eigenspaces},
  author={Fan, Jianqing and Wang, Dong and Wang, Kaizheng and Zhu, Ziwei},
  journal={Annals of statistics},
  volume={47},
  number={6},
  pages={3009},
  year={2019},
  publisher={NIH Public Access}
}
@article{chang2017distributed,
  title={Distributed semi-supervised learning with kernel ridge regression},
  author={Chang, Xiangyu and Lin, Shao-Bo and Zhou, Ding-Xuan},
  journal={The Journal of Machine Learning Research},
  volume={18},
  number={1},
  pages={1493--1514},
  year={2017},
  publisher={JMLR. org}
}
@article{smith2018cocoa,
  title={CoCoA: A general framework for communication-efficient distributed optimization},
  author={Smith, Virginia and Forte, Simone and Chenxin, Ma and Tak{\'a}{\v{c}}, Martin and Jordan, Michael I and Jaggi, Martin},
  journal={Journal of Machine Learning Research},
  volume={18},
  pages={230},
  year={2018},
  publisher={MIT press}
}
@article{battey2015distributed,
  title={Distributed estimation and inference with statistical guarantees},
  author={Battey, Heather and Fan, Jianqing and Liu, Han and Lu, Junwei and Zhu, Ziwei},
  journal={arXiv preprint arXiv:1509.05457},
  year={2015}
}
@inproceedings{wang2017efficient,
  title={Efficient distributed learning with sparsity},
  author={Wang, Jialei and Kolar, Mladen and Srebro, Nathan and Zhang, Tong},
  booktitle={International Conference on Machine Learning},
  pages={3636--3645},
  year={2017},
  organization={PMLR}
}
@article{jordan2018communication,
  title={Communication-efficient distributed statistical inference},
  author={Jordan, Michael I and Lee, Jason D and Yang, Yun},
  journal={Journal of the American Statistical Association},
  year={2018},
  publisher={Taylor \& Francis}
}
@article{chen2014split,
  title={A split-and-conquer approach for analysis of extraordinarily large data},
  author={Chen, Xueying and Xie, Min-ge},
  journal={Statistica Sinica},
  pages={1655--1684},
  year={2014},
  publisher={JSTOR}
}
@article{tibshirani1996regression,
  title={Regression shrinkage and selection via the lasso},
  author={Tibshirani, Robert},
  journal={Journal of the Royal Statistical Society: Series B (Methodological)},
  volume={58},
  number={1},
  pages={267--288},
  year={1996},
  publisher={Wiley Online Library}
}
@article{efron2004least,
  title={Least angle regression},
  author={Efron, Bradley and Hastie, Trevor and Johnstone, Iain and Tibshirani, Robert and others},
  journal={Annals of statistics},
  volume={32},
  number={2},
  pages={407--499},
  year={2004},
  publisher={Institute of Mathematical Statistics}
}
@article{wu2008coordinate,
  title={Coordinate descent algorithms for lasso penalized regression},
  author={Wu, Tong Tong and Lange, Kenneth and others},
  journal={Annals of Applied Statistics},
  volume={2},
  number={1},
  pages={224--244},
  year={2008},
  publisher={Institute of Mathematical Statistics}
}
@article{boyd2003subgradient,
  title={Subgradient methods},
  author={Boyd, Stephen and Xiao, Lin and Mutapcic, Almir},
  journal={lecture notes of EE392o, Stanford University, Autumn Quarter},
  volume={2004},
  pages={2004--2005},
  year={2003}
}